<?xml version="1.0" encoding="UTF-8"?><collection xmlns="http://www.loc.gov/MARC21/slim"><record><leader>00442nam--2200145-i-4500</leader><controlfield tag="001">000047307</controlfield><controlfield tag="002">20161230</controlfield><controlfield tag="005">20170112234218</controlfield><controlfield tag="008">060222s1000------------r-----000-0-eng-d</controlfield><datafield ind1=" " ind2=" " tag="100"><subfield code="a">Whittaker, Edmund</subfield></datafield><datafield ind1=" " ind2=" " tag="245"><subfield code="a">Le commencement et la fin du monde suivi de: hazard,libre arbitre et necesite dans la conception scientifique de l`univers</subfield></datafield><datafield ind1=" " ind2=" " tag="260"><subfield code="a">Paris</subfield><subfield code="b">A.Michel</subfield><subfield code="c">1953</subfield></datafield><datafield ind1=" " ind2=" " tag="300"><subfield code="a">189 p</subfield></datafield><datafield ind1=" " ind2=" " tag="852"><subfield code="a">12001</subfield></datafield><datafield ind1=" " ind2=" " tag="CAT"><subfield code="a">SYS</subfield><subfield code="c">20170112</subfield><subfield code="h">234218</subfield></datafield></record></collection>